@article{petrenko_sample_2020,
	title = {Sample {Factory}: {Egocentric} {3D} {Control} from {Pixels} at 100000 {FPS} with {Asynchronous} {Reinforcement} {Learning}},
	volume = {abs/2006.11751},
	url = {https://arxiv.org/abs/2006.11751},
	journal = {CoRR},
	author = {Petrenko, Aleksei and Huang, Zhehui and Kumar, Tushar and Sukhatme, Gaurav S. and Koltun, Vladlen},
	year = {2020},
	note = {arXiv: 2006.11751},
}

@article{silver_mastering_2017,
	title = {Mastering the game of {Go} without human knowledge},
	volume = {550},
	issn = {0028-0836},
	doi = {10.1038/nature24270},
	number = {7676},
	journal = {Nature},
	author = {Silver, David and Schrittwieser, Julian and Simonyan, Karen and Antonoglou, Ioannis and Huang, Aja and Guez, Arthur and Hubert, Thomas and Baker, Lucas and Lai, Matthew and Bolton, Adrian and Chen, Yutian and Lillicrap, Timothy and Hui, Fan and Sifre, Laurent and Driessche, George van den and Graepel, Thore and Hassabis, Demis},
	year = {2017},
	pages = {354--359},
}

@misc{bhatt_5_2018,
	type = {{KDnuggets}},
	title = {5 {Things} {You} {Need} to {Know} about {Reinforcement} {Learning}},
	url = {https://www.kdnuggets.com/2018/03/5-things-reinforcement-learning.html},
	language = {English},
	urldate = {2022-05-05},
	author = {Bhatt, Shweta},
	month = mar,
	year = {2018},
}

@article{OpenSpiel,
  title     = {{OpenSpiel}: A Framework for Reinforcement Learning in Games},
  author    = {Marc Lanctot and Edward Lockhart and Jean-Baptiste Lespiau and
               Vinicius Zambaldi and Satyaki Upadhyay and Julien P\'{e}rolat and
               Sriram Srinivasan and Finbarr Timbers and Karl Tuyls and
               Shayegan Omidshafiei and Daniel Hennes and Dustin Morrill and
               Paul Muller and Timo Ewalds and Ryan Faulkner and J\'{a}nos Kram\'{a}r
               and Bart De Vylder and Brennan Saeta and James Bradbury and David Ding
               and Sebastian Borgeaud and Matthew Lai and Julian Schrittwieser and
               Thomas Anthony and Edward Hughes and Ivo Danihelka and Jonah Ryan-Davis},
  year      = {2019},
  eprint    = {1908.09453},
  archivePrefix = {arXiv},
  primaryClass = {cs.LG},
  journal   = {CoRR},
  volume    = {abs/1908.09453},
  url       = {http://arxiv.org/abs/1908.09453},
}

@article{alphazero,
  author    = {David Silver and
               Thomas Hubert and
               Julian Schrittwieser and
               Ioannis Antonoglou and
               Matthew Lai and
               Arthur Guez and
               Marc Lanctot and
               Laurent Sifre and
               Dharshan Kumaran and
               Thore Graepel and
               Timothy P. Lillicrap and
               Karen Simonyan and
               Demis Hassabis},
  title     = {Mastering Chess and Shogi by Self-Play with a General Reinforcement
               Learning Algorithm},
  journal   = {CoRR},
  volume    = {abs/1712.01815},
  year      = {2017},
  url       = {http://arxiv.org/abs/1712.01815},
  eprinttype = {arXiv},
  eprint    = {1712.01815},
  timestamp = {Mon, 13 Aug 2018 16:46:01 +0200},
  biburl    = {https://dblp.org/rec/journals/corr/abs-1712-01815.bib},
  bibsource = {dblp computer science bibliography, https://dblp.org}
}

@misc{opengo,
  doi = {10.48550/ARXIV.1902.04522},
  
  url = {https://arxiv.org/abs/1902.04522},
  
  author = {Tian, Yuandong and Ma, Jerry and Gong, Qucheng and Sengupta, Shubho and Chen, Zhuoyuan and Pinkerton, James and Zitnick, C. Lawrence},
  
  keywords = {Artificial Intelligence (cs.AI), Machine Learning (cs.LG), Machine Learning (stat.ML), FOS: Computer and information sciences, FOS: Computer and information sciences},
  
  title = {ELF OpenGo: An Analysis and Open Reimplementation of AlphaZero},
  
  publisher = {arXiv},
  
  year = {2019},
  
  copyright = {Creative Commons Attribution Non Commercial Share Alike 4.0 International}
}
